@inproceedings{ashbrook1995robust,
  title={Robust Recognition of Scaled Shapes Using Pairwise Geometric Histograms.},
  author={Ashbrook, Anthony and Thacker, Neil A and Rockett, Peter and Brown, CI},
  booktitle={BMVC},
  volume={95},
  pages={503--512},
  year={1995}
}
@article{ballard1981generalizing,
  title={Generalizing the Hough transform to detect arbitrary shapes},
  author={Ballard, Dana H},
  journal={Pattern recognition},
  volume={13},
  number={2},
  pages={111--122},
  year={1981},
  publisher={Elsevier}
}
@book{bookstein1997morphometric,
  title={Morphometric tools for landmark data: geometry and biology},
  author={Bookstein, Fred L},
  year={1997},
  publisher={Cambridge University Press}
}
@article{canny1986computational,
  title={A computational approach to edge detection},
  author={Canny, John},
  journal={Pattern Analysis and Machine Intelligence, IEEE Transactions on},
  number={6},
  pages={679--698},
  year={1986},
  publisher={IEEE}
}
@inproceedings{evans1993use,
  title={The Use of Geometric Histograms for Model-Based Object Recognition.},
  author={Evans, Alun and Thacker, Neil A and Mayhew, John EW},
  booktitle={BMVC},
  volume={93},
  pages={429--438},
  year={1993},
  organization={Citeseer}
}
@book{oscarbook,
  title={Learning Image Processing with OpenCV},
  author={Gloria Bueno García, Oscar Deniz Suarez, José Luis Espinosa Aranda, Jesus Salido Tercero, Ismael Serrano Gracia, Noelia Vállez Enano},
  year={2015},
  publisher={Packt Publishing},
  pages={99--129}
}
@article{palaniswamy2010automatic,
  title={Automatic identification of landmarks in digital images},
  author={Palaniswamy, Sasirekha and Thacker, Neil A and Klingenberg, Christian Peter},
  journal={IET Computer Vision},
  volume={4},
  number={4},
  pages={247--260},
  year={2010},
  publisher={IET}
}
@article{thacker1995assessing,
  title={Assessing the completeness properties of pairwise geometric histograms},
  author={Thacker, Neil A and Riocreux, PA and Yates, RB},
  journal={Image and Vision Computing},
  volume={13},
  number={5},
  pages={423--429},
  year={1995},
  publisher={Elsevier}
}
@article{suzuki1985topological,
  title={Topological structural analysis of digitized binary images by border following},
  author={Suzuki, Satoshi and others},
  journal={Computer Vision, Graphics, and Image Processing},
  volume={30},
  number={1},
  pages={32--46},
  year={1985},
  publisher={Elsevier}
}
@techreport{hough1962method,
  title={Method and means for recognizing complex patterns},
  author={Hough, Paul VC},
  year={1962}
}
@article{duda1972use,
  title={Use of the Hough transformation to detect lines and curves in pictures},
  author={Duda, Richard O and Hart, Peter E},
  journal={Communications of the ACM},
  volume={15},
  number={1},
  pages={11--15},
  year={1972},
  publisher={ACM}
}
@article{lowe1987three,
  title={Three-dimensional object recognition from single two-dimensional images},
  author={Lowe, David G},
  journal={Artificial intelligence},
  volume={31},
  number={3},
  pages={355--395},
  year={1987},
  publisher={Elsevier}
}
@InBook{web2010,
  author = 	 {Webster, M. and Sheets, H.D.},
  ALTeditor = 	 {},
  title = 	 {Quantitative Methods in PaleoBiology},
  chapter = 	 {A Practical Introduction to Landmark-based Geometric Morphometrics},
  publisher = 	 {J.Alroy and G. Hunt},
  year = 	 {2010},
  OPTkey = 	 {},
  OPTvolume = 	 {},
  OPTnumber = 	 {},
  OPTseries = 	 {},
  OPTtype = 	 {},
  OPTaddress = 	 {},
  OPTedition = 	 {},
  OPTmonth = 	 {},
  pages = 	 {163-188},
  OPTnote = 	 {},
  OPTannote = 	 {}
}
@article{knapp1976generalized,
  title={The generalized correlation method for estimation of time delay},
  author={Knapp, Charles H and Carter, G Clifford},
  journal={Acoustics, Speech and Signal Processing, IEEE Transactions on},
  volume={24},
  number={4},
  pages={320--327},
  year={1976},
  publisher={IEEE}
}